%% This BibTeX bibliography file was created using BibDesk.
%% http://bibdesk.sourceforge.net/


%% Created for Grace Li at 2013-04-24 18:17:42 -0400 


%% Saved with string encoding Unicode (UTF-8) 



@electronic{g09,
	Author = {M. J. Frisch and G. W. Trucks and H. B. Schlegel and G. E. Scuseria and M. A. Robb and J. R. Cheeseman and G. Scalmani and V. Barone and B. Mennucci and G. A. Petersson and H. Nakatsuji and M. Caricato and X. Li and H. P. Hratchian and A. F. Izmaylov and J. Bloino and G. Zheng and J. L. Sonnenberg and M. Hada and M. Ehara and K. Toyota and R. Fukuda and J. Hasegawa and M. Ishida and T. Nakajima and Y. Honda and O. Kitao and H. Nakai and T. Vreven and Montgomery, {Jr.}, J. A. and J. E. Peralta and F. Ogliaro and M. Bearpark and J. J. Heyd and E. Brothers and K. N. Kudin and V. N. Staroverov and R. Kobayashi and J. Normand and K. Raghavachari and A. Rendell and J. C. Burant and S. S. Iyengar and J. Tomasi and M. Cossi and N. Rega and J. M. Millam and M. Klene and J. E. Knox and J. B. Cross and V. Bakken and C. Adamo and J. Jaramillo and R. Gomperts and R. E. Stratmann and O. Yazyev and A. J. Austin and R. Cammi and C. Pomelli and J. W. Ochterski and R. L. Martin and K. Morokuma and V. G. Zakrzewski and G. A. Voth and P. Salvador and J. J. Dannenberg and S. Dapprich and A. D. Daniels and {\"O}. Farkas and J. B. Foresman and J. V. Ortiz and J. Cioslowski and D. J. Fox},
	Date-Added = {2013-04-24 22:11:41 +0000},
	Date-Modified = {2013-04-24 22:17:42 +0000},
	Title = {Gaussian~09 {R}evision {A}.1}
	Note = "Gaussian Inc. Wallingford CT 2009"}

@electronic{Woods:glycambuilder,
	Author = {Woods Group},
	Date-Added = {2013-04-24 21:56:09 +0000},
	Date-Modified = {2013-04-24 21:59:32 +0000},
	Title = {GLYCAM Web. Complex Carbohydrate Research Center, University of Georgia, Athens, GA.},
	Url = {http://www.glycam.com},
	Year = {2005-2013},
	Bdsk-Url-1 = {http://www.glycam.com}}

@article{Breneman:1990ue,
	Author = {Breneman, Curt M and Wiberg, Kenneth B},
	Journal = {J. Comput. Chem.},
	Number = {3},
	Pages = {361--373},
	Title = {{Determining atom centered monopoles from molecular electrostatic potentials. The need for high sampling density in formamide conformational analysis}},
	Volume = {11},
	Year = {1990}}

@article{Dupradeau:2010bb,
	Author = {Dupradeau, Fran{\c c}ois-Yves and Pigache, Adrien and Zaffran, Thomas and Savineau, Corentin and Lelong, Rodolphe and Grivel, Nicolas and Lelong, Dimitri and Rosanski, Wilfried and Cieplak, Piotr},
	Journal = {Phys Chem Chem Phys},
	Number = {28},
	Pages = {7821},
	Title = {{The R.E.D. tools: advances in RESP and ESP charge derivation and force field library building}},
	Volume = {12},
	Year = {2010}}

@article{Little:2012dp,
	Author = {Little, D J and Poloczek, J and Whitney, J C and Robinson, H and Nitz, M and Howell, P L},
	Journal = {Journal of Biological Chemistry},
	Month = sep,
	Number = {37},
	Pages = {31126--31137},
	Title = {{The Structure- and Metal-dependent Activity of Escherichia coli PgaB Provides Insight into the Partial De-N-acetylation of Poly- -1,6-N-acetyl-D-glucosamine}},
	Volume = {287},
	Year = {2012}}

@article{Kirschner:2008ii,
	Author = {Kirschner, Karl N and Yongye, Austin B and Tschampel, Sarah M and Gonz{\'a}lez-Outeiri{\~n}o, Jorge and Daniels, Charlisa R and Foley, B Lachele and Woods, Robert J},
	Journal = {J. Comput. Chem.},
	Number = {4},
	Pages = {622--655},
	Title = {{GLYCAM06: A generalizable biomolecular force field. Carbohydrates}},
	Volume = {29},
	Year = {2008}}

@article{Cornell:1995td,
	Author = {Cornell, Wendy D and Cieplak, Piotr and Bayly, Christopher I and Gould, Ian R and Merz, Kenneth M and Ferguson, David M and Spellmeyer, David C and Fox, Thomas and Caldwell, James W and Kollman, Peter A},
	Journal = {Society},
	Number = {6},
	Pages = {5179--5197},
	Title = {{A Second Generation Force Field for the Simulation of Proteins, Nucleic Acids, and Organic Molecules}},
	Year = {1995}}

@article{Irwin:2005kx,
	Author = {Irwin, John J and Shoichet, Brian K},
	Journal = {Journal of chemical information and modeling},
	Month = jan,
	Number = {1},
	Pages = {177--182},
	Title = {{ZINC--a free database of commercially available compounds for virtual screening.}},
	Volume = {45},
	Year = {2005}}

@article{Hess:2008p5353,
	Author = {Hess, B and Kutzner, C and van der Spoel, D},
	Journal = {J. Chem. Theory {\ldots}},
	Number = {3},
	Pages = {435--447},
	Title = {{Gromacs 4: Algorithms for highly efficient, load-balanced, and scalable molecular simulation}},
	Volume = {4},
	Year = {2008}}

@article{Pronk:2013ef,
	Author = {Pronk, Sander and P{\'a}ll, Szil{\'a}rd and Schulz, Roland and Larsson, Per and Bjelkmar, P{\"a}r and Apostolov, Rossen and Shirts, Michael R and Smith, Jeremy C and Kasson, Peter M and van der Spoel, David and Hess, Berk and Lindahl, Erik},
	Journal = {Bioinformatics},
	Month = apr,
	Number = {7},
	Pages = {845--854},
	Title = {{GROMACS 4.5: a high-throughput and highly parallel open source molecular simulation toolkit.}},
	Volume = {29},
	Year = {2013}}

@article{Humphrey:1996to,
	Author = {Humphrey, W and Dalke, A and Schulten, K},
	Journal = {J Mol Graph},
	Month = feb,
	Number = {1},
	Pages = {33--8-- 27--8},
	Title = {{VMD: visual molecular dynamics.}},
	Volume = {14},
	Year = {1996}}

@article{Tsai:2012bj,
	Author = {Tsai, Keng-Chang and Jian, Jhih-Wei and Yang, Ei-Wen and Hsu, Po-Chiang and Peng, Hung-Pin and Chen, Ching-Tai and Chen, Jun-Bo and Chang, Jeng-Yih and Hsu, Wen-Lian and Yang, An-Suei},
	Journal = {PLoS ONE},
	Month = jul,
	Number = {7},
	Pages = {e40846},
	Title = {{Prediction of Carbohydrate Binding Sites on Protein Surfaces with 3-Dimensional Probability Density Distributions of Interacting Atoms}},
	Volume = {7},
	Year = {2012}}

@article{Li:2012bx,
	Author = {Li, Grace and Rauscher, Sarah and Baud, St{\'e}phanie and Pom{\`e}s, R{\'e}gis},
	Journal = {J Phys Chem B},
	Month = jan,
	Number = {3},
	Pages = {1111--1119},
	Title = {{Binding of Inositol Stereoisomers To Model Amyloidogenic Peptides}},
	Volume = {116},
	Year = {2012}}

@article{Fadda:2010p5889,
	Annote = {I should read this paper for references.  I read the first two pages. Appears to be well-written},
	Author = {Fadda, Elisa and Woods, Robert J},
	Journal = {Drug Discov Today},
	Month = aug,
	Number = {15-16},
	Pages = {596--609},
	Title = {{Molecular simulations of carbohydrates and protein-carbohydrate interactions: motivation, issues and prospects}},
	Volume = {15},
	Year = {2010}}

@article{Bas:2008ul,
	Author = {Bas, D C and Rogers, D M and Jensen, J H},
	Journal = {Proteins: Structure},
	Pages = {765--783},
	Title = {{Very fast prediction and rationalization of pKa values for protein--ligand complexes}},
	Volume = {73},
	Year = {2008}}

@article{Olsson:2011vi,
	Author = {Olsson, MHM and S{\o}ndergaard, C R},
	Journal = {Journal of Chemical Theory and Computation},
	Number = {2},
	Pages = {525--537},
	Title = {{PROPKA3: consistent treatment of internal and surface residues in empirical p K a predictions}},
	Volume = {7},
	Year = {2011}}

@article{Sondergaard:2011ug,
	Author = {S{\o}ndergaard, C R and Olsson, MHM},
	Journal = {Journal of Chemical Theory and Computation},
	Number = {7},
	Pages = {2284--2295},
	Title = {{Improved treatment of ligands and coupling effects in empirical calculation and rationalization of p K a values}},
	Volume = {7},
	Year = {2011}}
