%% This BibTeX bibliography file was created using BibDesk.
%% http://bibdesk.sourceforge.net/


%% Created for Grace Li at 2012-09-05 18:14:10 -0400 


%% Saved with string encoding Unicode (UTF-8) 



@article{Balbach:2000p49,
	Author = {J.J Balbach and Y Ishii and O.N Antzutkin and R.D Leapman and N.W Rizzo and F Dyda and J Reed and R Tycko},
	Date-Added = {2012-09-05 22:13:35 +0000},
	Date-Modified = {2012-09-05 22:13:35 +0000},
	Journal = {Biochemistry},
	Local-Url = {file://localhost/Users/grace/Documents/Papers/2000/Balbach/Balbach_2000.pdf},
	Number = {45},
	Pages = {13748--13759},
	Pmid = {15133835835555713812related:FBNgi4IvBtIJ},
	Rating = {0},
	Read = {Yes},
	Title = {Amyloid fibril formation by Aβ16-22, a seven-residue fragment of the Alzheimer's β-amyloid peptide, and structural characterization by solid state NMR},
	Uri = {papers://CAF1CA61-60D5-4DC4-A18E-E3CAC6C5ECAE/Paper/p49},
	Volume = {39},
	Year = {2000},
	Bdsk-File-1 = {YnBsaXN0MDDUAQIDBAUIJidUJHRvcFgkb2JqZWN0c1gkdmVyc2lvblkkYXJjaGl2ZXLRBgdUcm9vdIABqAkKFRYXGyIjVSRudWxs0wsMDQ4RFFpOUy5vYmplY3RzV05TLmtleXNWJGNsYXNzog8QgASABqISE4ACgAOAB1lhbGlhc0RhdGFccmVsYXRpdmVQYXRo0hgNGRpXTlMuZGF0YU8RAboAAAAAAboAAgAADE1hY2ludG9zaCBIRAAAAAAAAAAAAAAAAAAAAMpAsaxIKwAAAAjxixBCYWxiYWNoXzIwMDAucGRmAAAAAAAAAAAAAAAAAAAAAAAAAAAAAAAAAAAAAAAAAAAAAAAAAAAAAAAAAAAAAAAACPGNxwpEjAAAAAAAAAAAAAMABQAACSAAAAAAAAAAAAAAAAAAAAAHQmFsYmFjaAAAEAAIAADKQOnsAAAAEQAIAADHCnzMAAAAAQAYAAjxiwAI8YoACPFjAAjdgAAFAi4AAL7sAAIATU1hY2ludG9zaCBIRDpVc2VyczoAZ3JhY2U6AERvY3VtZW50czoAUGFwZXJzOgAyMDAwOgBCYWxiYWNoOgBCYWxiYWNoXzIwMDAucGRmAAAOACIAEABCAGEAbABiAGEAYwBoAF8AMgAwADAAMAAuAHAAZABmAA8AGgAMAE0AYQBjAGkAbgB0AG8AcwBoACAASABEABIAOlVzZXJzL2dyYWNlL0RvY3VtZW50cy9QYXBlcnMvMjAwMC9CYWxiYWNoL0JhbGJhY2hfMjAwMC5wZGYAEwABLwAAFQACAAz//wAAgAXSHB0eH1gkY2xhc3Nlc1okY2xhc3NuYW1lox8gIV1OU011dGFibGVEYXRhVk5TRGF0YVhOU09iamVjdF8QNy4uLy4uLy4uL0RvY3VtZW50cy9QYXBlcnMvMjAwMC9CYWxiYWNoL0JhbGJhY2hfMjAwMC5wZGbSHB0kJaIlIVxOU0RpY3Rpb25hcnkSAAGGoF8QD05TS2V5ZWRBcmNoaXZlcgAIABEAFgAfACgAMgA1ADoAPABFAEsAUgBdAGUAbABvAHEAcwB2AHgAegB8AIYAkwCYAKACXgJgAmUCbgJ5An0CiwKSApsC1QLaAt0C6gLvAAAAAAAAAgEAAAAAAAAAKAAAAAAAAAAAAAAAAAAAAwE=}}

@article{Berendsen:1984p26,
	Author = {H.J.C Berendsen and J.P.M Postma and W.F Van Gunsteren and A DiNola and JR Haak},
	Date-Added = {2012-09-05 22:13:35 +0000},
	Date-Modified = {2012-09-05 22:13:35 +0000},
	Journal = {Journal of Chemical Physics},
	Local-Url = {file://localhost/Users/grace/Documents/Papers/1984/Berendsen/Berendsen_1984.pdf},
	Pages = {3684},
	Pmid = {8911513113245985913related:eSxDFvYNrHsJ},
	Rating = {0},
	Read = {Yes},
	Title = {Molecular dynamics with coupling to an external bath},
	Uri = {papers://CAF1CA61-60D5-4DC4-A18E-E3CAC6C5ECAE/Paper/p26},
	Volume = {81},
	Year = {1984},
	Bdsk-File-1 = {YnBsaXN0MDDUAQIDBAUIJidUJHRvcFgkb2JqZWN0c1gkdmVyc2lvblkkYXJjaGl2ZXLRBgdUcm9vdIABqAkKFRYXGyIjVSRudWxs0wsMDQ4RFFpOUy5vYmplY3RzV05TLmtleXNWJGNsYXNzog8QgASABqISE4ACgAOAB1lhbGlhc0RhdGFccmVsYXRpdmVQYXRo0hgNGRpXTlMuZGF0YU8RAcgAAAAAAcgAAgAADE1hY2ludG9zaCBIRAAAAAAAAAAAAAAAAAAAAMpAsaxIKwAAAAjxbhJCZXJlbmRzZW5fMTk4NC5wZGYAAAAAAAAAAAAAAAAAAAAAAAAAAAAAAAAAAAAAAAAAAAAAAAAAAAAAAAAAAAAACPFvyhu7OwAAAAAAAAAAAAMABQAACSAAAAAAAAAAAAAAAAAAAAAJQmVyZW5kc2VuAAAQAAgAAMpA6ewAAAARAAgAAMob83sAAAABABgACPFuAAjxbQAI8WMACN2AAAUCLgAAvuwAAgBRTWFjaW50b3NoIEhEOlVzZXJzOgBncmFjZToARG9jdW1lbnRzOgBQYXBlcnM6ADE5ODQ6AEJlcmVuZHNlbjoAQmVyZW5kc2VuXzE5ODQucGRmAAAOACYAEgBCAGUAcgBlAG4AZABzAGUAbgBfADEAOQA4ADQALgBwAGQAZgAPABoADABNAGEAYwBpAG4AdABvAHMAaAAgAEgARAASAD5Vc2Vycy9ncmFjZS9Eb2N1bWVudHMvUGFwZXJzLzE5ODQvQmVyZW5kc2VuL0JlcmVuZHNlbl8xOTg0LnBkZgATAAEvAAAVAAIADP//AACABdIcHR4fWCRjbGFzc2VzWiRjbGFzc25hbWWjHyAhXU5TTXV0YWJsZURhdGFWTlNEYXRhWE5TT2JqZWN0XxA7Li4vLi4vLi4vRG9jdW1lbnRzL1BhcGVycy8xOTg0L0JlcmVuZHNlbi9CZXJlbmRzZW5fMTk4NC5wZGbSHB0kJaIlIVxOU0RpY3Rpb25hcnkSAAGGoF8QD05TS2V5ZWRBcmNoaXZlcgAIABEAFgAfACgAMgA1ADoAPABFAEsAUgBdAGUAbABvAHEAcwB2AHgAegB8AIYAkwCYAKACbAJuAnMCfAKHAosCmQKgAqkC5wLsAu8C/AMBAAAAAAAAAgEAAAAAAAAAKAAAAAAAAAAAAAAAAAAAAxM=}}
