@article{Metallo:2010p6822,
author = {Metallo, Steven J},
title = {{Intrinsically disordered proteins are potential drug targets}},
journal = {Curr Opin Chem Biol},
year = {2010},
volume = {14},
number = {4},
pages = {481--488},
month = aug
}

@article{Cuchillo:2012bm,
author = {Cuchillo, R{\'e}mi and Michel, Julien},
title = {{Mechanisms of small-molecule binding to intrinsically disordered proteins.}},
journal = {Biochem Soc Trans},
year = {2012},
volume = {40},
number = {5},
pages = {1004--1008},
month = oct
}

@article{Dunker:2002ex,
author = {Dunker, A Keith and Brown, Celeste J and Lawson, J David and Iakoucheva, Lilia M and Obradovic, Zoran},
title = {{Intrinsic Disorder and Protein Function}},
journal = {Biochemistry},
year = {2002},
volume = {41},
number = {21},
pages = {6573--6582},
month = may
}

@article{Iakoucheva:2002uv,
author = {Iakoucheva, Lilia M and Brown, Celeste J and Lawson, J David and Obradovic, Zoran and Dunker, A Keith},
title = {{Intrinsic disorder in cell-signaling and cancer-associated proteins.}},
journal = {Journal of Molecular Biology},
year = {2002},
volume = {323},
number = {3},
pages = {573--584},
month = oct
}

@article{Shan:2011bo,
author = {Shan, Yibing and Kim, Eric T and Eastwood, Michael P and Dror, Ron O and Seeliger, Markus A and Shaw, David E},
title = {{How does a drug molecule find its target binding site?}},
journal = {J Am Chem Soc},
year = {2011},
volume = {133},
number = {24},
pages = {9181--9183},
month = jun
}


