@string{BiophysicalJ="Biophys. J."}
@string{JMB="J. Mol. Biol."}
@string{CarboResearch="Carbohydr. Res."}
@string{JCC="J. Comput. Chem."}
@string{JPCB="J. Phys. Chem. B"}
@string{JCompPhys="J. Comput. Phys."}
@string{JBC="J. Biol. Chem."}
@string{PNAS="Proc. Natl. Acad. Sci. USA"}
@string{JCompPhys="J. Comp. Phys."}
@string{JACS="J. Am. Chem. Soc."}
@string{JCTC="J. Chem. Theory Comput."}
@string{JChemPhys="J. Chem. Phys."}
@string{JSB="J. Struct. Biol."}
@string{JNeuro="J. Neurochem."}
@string{AnnRevBiochem="Annu. Rev. Biochem."}
@string{MethodsEnzy="Methods Enzymol."}
@string{ExperimentalNeurology="Exp. Neurol."}
@string{JMolGraphics="J. Mol. Graph."}
@string{AnnRevPhysChem="Annu. Rev. Phys. Chem."}
@string{FEBS="FEBS J."}
@string{DrugDevRes="Drug Dev. Res."}
@string{NatRevMol="Nat. Rev. Mol. Cell. Biol."}
@string{NMRBiomed="NMR Biomed."}
@string{BiochimicaActa="Biochim. Biophys."}
@string{NatRevDrug="Nat. Rev. Mol. Drug. Discov."}
@string{AngewChemInt="Angew. Chem. Int. Ed. Engl."}
@string{AdvExpMedBiol="Adv. Exp. Med. Biol."}
@string{FEBSLett="FEBS Lett."}
@string{NatMed="Nat. Med."}
@string{NatChem="Nat. Chem."}
@string{Neuropharmacol="Neuropharmacol."}
@string{BiophysChem="Biophys. Chem."}
@string{NatStructMol="Nat. Struct. Mol. Biol."}
@string{JMolMed="J. Mol. Med."}
@string{BiochemCellBiol="Biochem. Cell. Biol."}
@string{PLoSComputBiol="PLoS Comput. Biol."}
@string{BioorgMedChem="Bioorg. Med. Chem."}
@string{ChemBiolDrugDes="Chem. Biol. Drug. Des."}
@string{ProteinEng="Protein Eng."}
@string{NatRevDrugDiscov="Nat. Rev. Drug. Discov."}
@string{ChemCommun="Chem. Commun."}
@string{BiochemBiophysResCommun="Biochem. Biophys. Res. Commun."}
@string{AccChemRes="Acc. Chem. Res."}
@string{JCP="J. Chem. Phys."}
@string{ACSNeuro="ACS Chem. Neurosci."}
@string{plos1="PLoS ONE"}
